@ARTICLE{Fagin1994,
  AUTHOR =  {Fagin, R. and Halpern, J. Y.},
  authorfa =     {ر. فاگین and ج. هالپرن},
  TITLE =  {Reasoning about knowledge and probability},
  JOURNAL =  {Journal of the ACM}, 
  Volume = {41},
  Number = {2},
  YEAR =  {1994}, 
  PAGES =  {340–367},
}

@ARTICLE{Halpern1993,
  AUTHOR =  {Halpern, J. Y. and Tuttle, M. R.},
  authorfa =     {ج. هالپرن and ام. تاتل},
  TITLE =  {Knowledge, probability, and adversaries},
  JOURNAL =  {Journal of the ACM},
  Volume =   {40},
  Number =   {4}, 
  YEAR =  {1993}, 
  PAGES =  {917–962},
}

@ARTICLE{Fagin1990,
  AUTHOR =  {Fagin, R. and Halpern, J. Y. and Megiddo, N.},
  authorfa =     {ر. فاگین and ج. هالپرن and ان. مگیدو},
  TITLE =  {A logic for reasoning about probabdities},
  JOURNAL =  {Inf. Comput.},
  Volume = {87},
  Number ={1}, 
  YEAR =  {1990}, 
  PAGES =  {78– 128},
}

@BOOK{Ardeshir,
  AUTHOR =       {اردشیر, محمد},
  TITLE =        {منطق ریاضی},
  PUBLISHER =    {نشر هرمس},
  YEAR =         {1383},
  ISBN = 		{964-363-229-6},
  ADDRESS =      {تهران},
  edition =      {اول},
  MONTH =        {بهار},
  LANGUAGE =     {Persian},
}

@BOOK{ELMeyer,
  AUTHOR =       {John-Jules Ch. Meyer and Wiebe Van Der Hoek},
  authorfa =     {ج. مِیِر and و. واندرهوک},
  TITLE =        {Epistemic Logic for {AI} and Computer Science},
  PUBLISHER =    {Cambridge University Press},
  YEAR =         {1995},
  ISBN = 		{0 521 46014 X hardback, 0 521 60280 7 paperback},
  ADDRESS =      {UK, USA, Australia, South Africa},
  LANGUAGE =     {Latin},
}

@ARTICLE{Benthem2009,
  AUTHOR =  {Benthem, J. V. and Gerbrandy, J. and Kooi, B. P.},
  authorfa =     {ج. بنتهم and ج. جربرندی and ب. کویی},
  TITLE =  {Dynamic Update with Probabilities},
  JOURNAL =  {Studia Logica}, 
  Volume = {93},
  Number = {1},
  YEAR =  {2009}, 
  PAGES =  {67--96},
}

@phdthesis{Kooithesise2003,
    author = {Barteld Pieter Kooi},
    authorfa={ب. کویی},
    title = {Knowledge, Chance, and Change},
    year = {2003},
    publisher = {Universiteit van Amsterdam},
    Promotor={prof.dr. G.R. Renardel de Lavalette},
}

@ARTICLE{Kooi2003,
  AUTHOR = {Kooi, Barteld P.},
  authorfa =     {ب. کویی},
  TITLE = {Probabilistic Dynamic Epistemic Logic},
  JOURNAL = {Journal of Logic, Language and Information},
  Volume = {12},
  Number = {4},
  YEAR = {2003},
  PAGES = {381--408},
  }

@phdthesis{Sack2007,
 author = {Sack, Joshua},
 authorfa = {ج. سک},
 advisor = {Moss, Lawrence},
 title = {Adding temporal logic to dynamic epistemic logic},
 year = {2007},
 isbn = {978-0-549-15762-5},
 note = {AAI3274928},
 publisher = {Indiana University},
 address = {Indianapolis, IN, USA},
} 

@Book{Wright1951,
 author = {Wright, G. H. von},
 authorfa = {ف. رایت},
 title = {An essay in modal logic},
 publisher = {North-Holland Pub. Co., Amsterdam},
 pages = {98},
 year = {1951},
 language = {English},
}

@Book{Hintikka1962,
 author = {Hintikka, Jaakko},
 authorfa = {ج. هینتیکا},
 title = {Knowledge and Belief: An Introduction to the Logic of the Two Notions},
 publisher = {Cornell University Press},
 address = {Ithaca, N. Y.},
 subjects = {modal logic, epistemic logic},
 pages = {179},
 year = {1962},
}

@article{Aumann1976,
 author = {Aumann, Robert J.},
 authorfa = {ر. اومان},
 title = {Agreeing to Disagree},
 journal = {The Annals of Statistics},
 number = {6},
 pages = {1236--1239},
 publisher = {Institute of Mathematical Statistics},
 volume = {4},
 year = {1976},
}

@book{DELDitmarsch2007,
 author = {Ditmarsch, Hans van and van der Hoek, Wiebe and Kooi, Barteld},
 authorfa = {ه. دیتمارخ and و. واندرهوک and ب. کویی},
 title = {Dynamic Epistemic Logic},
 year = {2007},
 isbn = {1402058381, 9781402058387},
 edition = {1st},
 pages= {296},
 publisher = {Springer Publishing Company},
} 

@book{RAKFagin1995,
    author = {Fagin, Ronald and Halpern, Joseph Y. and Moses, Yoram and Vardi, Moshe Y.},
    authorfa =     {ر. فاگین and ج. هالپرن and ی. موزِز and م. واردی},
    keywords = {ai, knowledge, reasoning},
    priority = {2},
    publisher = {MIT Press},
    title = {Reasoning About Knowledge},
    year = {1995},
}

@article{Gerbrandy1997,
 author = {Gerbrandy, Jelle and Groeneveld, Willem},
 authorfa = {ج. جِربرندی and و. گرونولد},
 title = {Reasoning about Information Change},
 journal = {Journal of Logic, Language and Information},
 volume = {6},
 year = {1997},
 pages = {147--169},
 masid = {831502},
}

@article{Veltman1996,
 author = {Veltman, Frank},
 authorfa = {ف. وِلتمن},
 title = {Defaults in Update Semantics},
 journal = {Journal of Logic, Language and Information},
 volume = {25},
 year = {1996},
 pages = {221--261},
}

@inproceedings{Batlag1998,
    address = {San Francisco, CA, USA},
    author = {Batlag, Alexandru and Moss, Lawrence S. and Solecki, Slawomir},
    authorfa = {ا. بَتلَگ and ل. موس and س. سولِکی},
    booktitle = {Proc. TARK'98},
    isbn = {1-55860-563-0},
    pages = {43--56},
    publisher = {Morgan Kaufmann Publishers Inc.},
    title = {The Logic of Public Announcements and Common Knowledge and Private Suspicions},
    year = {1998},
    location = {Evanston, Illinois}, 
}

@InProceedings{Cate2002,
  author = 	 {Cate, Balder ten},
  authorfa = {ب. کِیت},
  title = 	 {Internalizing Epistemic Actions},
  crossref =     {martinez2002:student}, 
  booktitle = {Proceedings of the NASSLLI-2002 student session, 1st North American Summer School in Logic, Language and Information, Stanford.},
  pages = {109--123},
  year = {2002},
}

@book{Kyburg1994,
 author = {Kyburg, Jr. and Henry, E.},
 authorfa = {ج. کیبرگ and اِ. هنری},
 title = {Uncertainty logics},
 book = {Handbook of logic in artificial intelligence and logic programming},
 year = {1994},
 isbn = {0-19-853747-6},
 pages = {397--438},
 numpages = {42},
 volume = {3},
 acmid = {186132},
 publisher = {Oxford University Press, Inc.},
 address = {New York, NY, USA},
} 

@book{Kolmogorov1960,
  author = {Kolmogorov, Andrey N.},
  authorfa = {ا. کالموگروف},
  edition = {2},  
  publisher = {Chelsea Pub Co},
  title = {Foundations of the Theory of Probability}, 
  year = {1960}, 
  keywords = {3 probability},
  month ={jun},
}

@book{Bacchus1991,
 author = {Bacchus, Fahiem},
 authorfa = {ف. بَکچِس},
 title = {Representing and reasoning with probabilistic knowledge: a logical approach to probabilities},
 year = {1990},
 isbn = {0-262-02317-2},
 publisher = {MIT Press},
 address = {Cambridge, MA, USA},
}

@ARTICLE{Halpern1991,
    author = {Halpern, Joseph Y.},
    authorfa = {ج. هالپرن},
    title = {The Relationship Between Knowledge, Belief, and Certainty},
    journal = {Annals of Mathematics and Artificial Intelligence},
    year = {1991},
    volume = {4},
    pages = {301--322},
}